1983 2860
114 85 352 251 {¹³
497 87 626 194 ΞΕΗΙ
719 141 770 192 v
846 85 929 136 ⁵³
1140 85 1283 138 ⁵⁵¹³*
1379 83 1443 135 ³
1546 80 1658 251 ΕΞ

648 162 692 194 N
787 160 816 190 Α
838 159 876 190 τ
876 161 898 190 1
921 160 982 190 cr
1006 159 1039 190 N
1055 160 1074 191 1
1096 159 1153 190 A.
1269 174 1275 177 -

193 230 338 262 extare
351 217 491 260 necin
517 212 868 278 Hippodromm
885 227 971 258 nec
983 207 1120 264 alibi,
1135 209 1212 257 etfi
1230 210 1442 259 columna
1455 230 1577 276 quae-

104 295 106 297 ·
193 279 300 325 dam
317 295 425 325 aerea
444 277 585 324 tribus
613 276 890 343 serpentibus
908 275 1067 321 mutuo
1082 278 1298 321 connexis
1323 231 1578 332 fabrefacta,

192 347 298 389 &in
323 342 536 406 superiori
564 358 685 406 parte
709 345 856 405 capita
881 339 1155 386 exerentibus
1179 353 1409 389 cernatur.
1438 342 1579 390 Cuius

192 411 237 454 δε
256 411 407 453 Petrus
421 406 594 467 Gyllius
615 405 768 452 Gallus
781 403 1138 468 diligentiffimus
1160 403 1350 466 scriptor
1368 409 1579 452 memine-

113 408 165 560 ἓ
192 475 247 517 rit
266 470 400 516 insua
416 466 1377 534 ConstantinopoleosTopogtaphia,1llarn
1403 467 1473 515 his
1486 487 1574 517 ver

194 535 261 581 bis
275 533 543 581 describens.
546 534 623 580 lib.
631 553 667 582 2.
674 550 772 597 cap.
781 550 850 594 ¹3·

109 589 143 616 2

256 601 382 645 Extat
393 603 524 645 etiam
540 603 586 644 in
598 597 762 645 eodem
776 596 938 643 ordine
955 597 1089 645 altera
1102 595 1266 647 coluna
1279 610 1402 652 aerea‚
1419 597 1577 653 striata,

193 680 287 709 non
307 662 494 726 quidem
514 661 774 709 canaliculis
798 677 928 723 rugas
947 661 1268 708 matronalium
1287 659 1494 708 stolarum
1514 680 1579 709 re·
1611 563 1661 724 Ξ

130 723 165 744 '³
192 727 462 785 ferentibus;
474 726 545 773 sed
561 727 681 790 spiris
695 741 829 772 trium
845 727 1127 788 serpentum,
1141 729 1255 771 inter
1269 724 1578 800 secircumpli-
1606 729 1657 803 ἢ

114 741 166 875 ξ
193 806 419 845 catarum,
437 809 531 837 non
550 789 715 840 sursum
730 788 872 835 versus
887 786 1166 842 directisssed
1179 792 1306 835 tortis
1324 792 1371 835 in
1387 790 1577 839 modum
1606 781 1656 881 ἒ

192 871 426 902 tororum.
447 859 576 917 Qos
591 854 720 900 valde
734 858 979 900 eminentes
994 858 1250 918 exprimunt
1268 858 1419 916 magni
1437 853 1579 916 funes,

109 879 161 1031 ἒ
192 919 583 966 &desinentibus
572 936 618 965 in
633 935 764 983 caput
779 922 938 983 triceps
955 922 1089 964 trium
1105 918 1374 994 serpentum,
1389 936 1577 982 quarum
1610 889 1660 988 ξ

192 987 398 1046 capitain
415 988 674 1046 triquetram
698 982 889 1031 formam
915 981 1276 1046 dispofitalonge
1288 986 1500 1035 eminent,
1516 983 1581 1031 su·
1609 976 1660 1042 Q

191 1064 268 1112 pra
281 1047 502 1094 columnae
520 1047 717 1094 torosum
732 1048 927 1112 scapum.
943 1047 1257 1109 Qamobrem
1271 1045 1403 1092 fuerit
1416 1047 1509 1094 haec
1525 1064 1580 1095 co

190 1113 348 1158 lumna
364 1112 519 1177 posita,
535 1111 1036 1175 Constantinopolitani
1050 1110 1190 1158 multa
1206 1109 1475 1174 fingunt,sed
1494 1129 1578 1159 nu·
1606 1047 1658 1198 ἒ

190 1180 362 1240 gatoria
391 1181 574 1228 omnia,
592 1180 853 1240 ignorantes
878 1178 1100 1222 maiorum
1128 1151 1306 1222 suorum
1339 1177 1578 1225 Historias.

106 1195 157 1348 ἒ
189 1247 307 1287 Inter
319 1259 434 1304 quos
448 1240 658 1288 Zosimus
670 1240 820 1286 scribit
834 1240 1182 1287 Constantinum
1195 1255 1412 1303 magnum
1430 1245 1476 1286 in
1491 1244 1582 1306 Hip
1609 1204 1663 1356 Ξ

192 1305 420 1368 podtomo
445 1303 628 1351 statuisse
648 1304 874 1368 Apollinis
902 1304 1116 1369 Delphici
1134 1306 1389 1368 tripodem
1379 1321 1425 1349 iu
1440 1304 1578 1369 seipso

192 1369 433 1415 habentem
463 1369 596 1434 ipfius
610 1369 834 1432 Apollinis
849 1369 1056 1414 statuam.
1085 1369 1367 1415 sozomenus
1382 1369 1572 1415 Salami-

190 1438 290 1479 nius
311 1435 532 1497 adiungit,
541 1434 891 1479 Constantinum
906 1450 1001 1482 non
1018 1432 1156 1478 modo
1174 1431 1373 1495 tripodes
1390 1432 1616 1496 Delphi-

111 1488 160 1563 ,ἐ
191 1501 326 1544 cosin
343 1497 672 1561 Hippodromo
696 1496 910 1560 posuiffe',
925 1496 995 1542 sed
1021 1502 1155 1542 etiam
1182 1495 1575 1544 celebratiffimum

190 1561 490 1626 tripodem‚q
496 1578 596 1607 uem
622 1560 856 1608 Pausanias
882 1560 1265 1614 Lacedemonius,
1289 1576 1424 1623 atque
1441 1561 1578 1608 Vrbes
1609 1519 1661 1671 ἓ

103 1567 157 1719 ἒ
191 1629 351 1672 Graecae
375 1580 490 1691 postq
494 1625 661 1673 bellum
689 1624 923 1671 Medicum
952 1625 1155 1688 Apollini
1185 1624 1411 1699 Delphico
1429 1626 1581 1675 conse-

190 1706 397 1740 crarunt.
425 1688 637 1737 Eusebius
655 1689 816 1736 clarius
830 1690 964 1735 tradit
983 1691 1326 1736 costantinum
1315 1706 1360 1734 in
1377 1689 1575 1751 quadam
1604 1676 1655 1774 ἓ

110 1724 161 1875 Ξ
191 1754 618 1831 Constantinopolis
644 1770 765 1818 parte
790 1755 1071 1801 Sminthium
1089 1754 1348 1817 Apollinem
1367 1754 1573 1810 statuisse,
1603 1754 1654 1827 9

187 1823 234 1866 in
253 1820 733 1884 Hippodromoautem
754 1819 1022 1864 constituisse
1034 1819 1243 1879 Pythium
1262 1817 1503 1881 tripodem,
1518 1823 1580 1865 cir
1608 1831 1655 1884 εὖ,

189 1900 240 1931 ca
252 1901 387 1946 quem
405 1886 615 1947 Serpens
604 1901 650 1929 in
672 1881 805 1945 spiras
818 1883 1080 1929 volueretur.
1088 1886 1146 1927 Ex
1160 1881 1324 1944 quibus
1339 1883 1576 1931 verisimile
1606 1897 1659 1959 (ῖς

188 1948 365 1995 videtur
391 1947 617 2011 tripodem
633 1947 762 1994 illum
777 1947 987 1994 statutum
1003 1945 1123 1991 fuisse
1138 1945 1265 2009 supra
1288 1946 1404 1995 hanc
1422 1946 1572 1994 colum
1597 1945 1657 2040 (ξ

192 2029 298 2059 nam
312 2028 466 2061 aeream
492 2014 732 2073 tricipitem
748 2044 760 2062 ‚
775 2027 820 2057 vt
837 2025 926 2057 erat
938 2009 1059 2073 apud
1087 2010 1288 2074 Delphos
1303 2027 1353 2056 ex
1369 2010 1573 2057 Herodo-

104 2039 161 2250 ξ
189 2080 338 2139 to,qui
358 2076 491 2122 tradit
513 2092 562 2120 ex
588 2075 778 2121 decimis
802 2074 1116 2121 manubiarum
1142 2073 1409 2120 Perficarum
1431 2079 1573 2139 tripo-
1600 2045 1652 2196 ἒ

191 2140 292 2187 dem
313 2157 497 2186 aureum
524 2139 728 2185 factum
717 2156 764 2185 in
791 2142 855 2186 D
842 2139 977 2200 lphis
999 2137 1274 2191 collocatum
1301 2138 1424 2185 fuisse
1447 2139 1523 2202 sup
1529 2157 1574 2185 ra

104 2203 435 2269 oserpentem
465 2207 708 2268 tricipitem
732 2220 919 2255 aeream,
938 2202 1209 2265 atqueidem
1227 2203 1351 2248 affert
1369 2158 1523 2250 f’erfisp
1515 2204 1573 2249 ad

187 2268 357 2314 Plateas
373 2268 524 2315 ‘vidkis
552 2272 638 2332 trip
632 2267 776 2317 odem
801 2284 981 2313 aureum
1005 2266 1068 2312 ibi
1095 2281 1319 2330 repertum
1346 2268 1573 2315 redditum

102 2361 154 2514 Ξ
187 2332 308 2379 fuiffe
323 2336 423 2380 Deo
448 2287 702 2397 Delphico,
726 2330 996 2380 insistentem
1022 2330 1157 2441 supra1
1169 2330 1390 2396 triplicem
1418 2348 1470 2379 ex
1498 2349 1578 2385 aete

1384 2397 1509 2444 colu·
1576 2358 1652 2513 Ξ

174 2437 960 2516 wffiffiffiaw
971 2457 1595 2522 mwfflw
