<?xml version="1.0" encoding="UTF-8"?>
<!DOCTYPE html PUBLIC "-//W3C//DTD XHTML 1.0 Transitional//EN"
    "http://www.w3.org/TR/xhtml1/DTD/xhtml1-transitional.dtd">
<html xmlns="http://www.w3.org/1999/xhtml" xml:lang="en" lang="en">
 <head>
  <title>
</title>
<meta http-equiv="Content-Type" content="text/html;charset=utf-8" />
  <meta name='ocr-system' content='tesseract 3.04.00' />
  <meta name='ocr-capabilities' content='ocr_page ocr_carea ocr_par ocr_line ocrx_word'/>
</head>
<body>
  <div class='ocr_page' id='page_1' title='image "./vaticiniasiuepro00joa_0016.png"; bbox 0 0 2044 2880; ppageno 0'>
   <div class='ocr_carea' id='block_1_1' title="bbox 1925 13 1994 120">
    <p class='ocr_par' dir='ltr' id='par_1_1' title="bbox 1925 13 1994 120">
     <span class='ocr_line' id='line_1_1' title="bbox 1928 13 1935 22; baseline 0 0"><span class='ocrx_word' id='word_1_1' title='bbox 1928 13 1935 22; x_wconf 84' lang='grc' dir='ltr'><em>ι</em></span> 
     </span>
     <span class='ocr_line' id='line_1_2' title="bbox 1929 25 1936 32; baseline 0 0"><span class='ocrx_word' id='word_1_2' title='bbox 1929 25 1936 32; x_wconf 81' lang='grc'><strong>-</strong></span> 
     </span>
     <span class='ocr_line' id='line_1_3' title="bbox 1925 43 1994 53; baseline 0.014 -1"><span class='ocrx_word' id='word_1_3' title='bbox 1925 43 1994 53; x_wconf 41' lang='lat' dir='ltr'>ov«</span> 
     </span>
     <span class='ocr_line' id='line_1_4' title="bbox 1927 113 1933 120; baseline 0 0"><span class='ocrx_word' id='word_1_4' title='bbox 1927 113 1933 120; x_wconf 82' lang='grc' dir='ltr'>ι</span> 
     </span>
    </p>
   </div>
   <div class='ocr_carea' id='block_1_2' title="bbox 1930 103 1946 124">
    <p class='ocr_par' dir='ltr' id='par_1_2' title="bbox 1930 103 1946 124">
     <span class='ocr_line' id='line_1_5' title="bbox 1930 103 1946 124; baseline 0 0"><span class='ocrx_word' id='word_1_5' title='bbox 1930 103 1946 124; x_wconf 59' lang='lat' dir='ltr'>N</span> 
     </span>
    </p>
   </div>
   <div class='ocr_carea' id='block_1_3' title="bbox 282 264 1814 780">
    <p class='ocr_par' dir='ltr' id='par_1_3' title="bbox 282 264 1814 780">
     <span class='ocr_line' id='line_1_6' title="bbox 340 264 1804 334; baseline 0.007 -27"><span class='ocrx_word' id='word_1_6' title='bbox 340 269 380 308; x_wconf 65' lang='grc' dir='ltr'>ὅ(</span> <span class='ocrx_word' id='word_1_7' title='bbox 398 264 643 312; x_wconf 83' lang='lat' dir='ltr'>nouiffimis</span> <span class='ocrx_word' id='word_1_8' title='bbox 660 268 936 332; x_wconf 86' lang='lat' dir='ltr'>temporibus</span> <span class='ocrx_word' id='word_1_9' title='bbox 963 272 1271 318; x_wconf 86' lang='lat' dir='ltr'><strong>imminentes.</strong></span> <span class='ocrx_word' id='word_1_10' title='bbox 1286 276 1335 316; x_wconf 84' lang='lat' dir='ltr'>In</span> <span class='ocrx_word' id='word_1_11' title='bbox 1349 270 1417 315; x_wconf 88' lang='lat' dir='ltr'>his</span> <span class='ocrx_word' id='word_1_12' title='bbox 1433 282 1583 316; x_wconf 84' lang='lat' dir='ltr'>autem</span> <span class='ocrx_word' id='word_1_13' title='bbox 1607 272 1804 334; x_wconf 86' lang='lat' dir='ltr'>praestan-</span> 
     </span>
     <span class='ocr_line' id='line_1_7' title="bbox 339 326 1806 395; baseline 0.007 -24"><span class='ocrx_word' id='word_1_14' title='bbox 339 326 550 373; x_wconf 81' lang='lat' dir='ltr'>tislimum</span> <span class='ocrx_word' id='word_1_15' title='bbox 574 330 688 376; x_wconf 88' lang='lat' dir='ltr'>illud</span> <span class='ocrx_word' id='word_1_16' title='bbox 706 335 979 389; x_wconf 87' lang='lat' dir='ltr'>Vaticinium</span> <span class='ocrx_word' id='word_1_17' title='bbox 997 334 1210 393; x_wconf 88' lang='lat' dir='ltr'>Erythreae</span> <span class='ocrx_word' id='word_1_18' title='bbox 1237 333 1411 395; x_wconf 87' lang='lat' dir='ltr'>Sybillae</span> <span class='ocrx_word' id='word_1_19' title='bbox 1437 333 1627 387; x_wconf 85' lang='lat' dir='ltr'>extabit,</span> <span class='ocrx_word' id='word_1_20' title='bbox 1645 338 1806 381; x_wconf 80' lang='lat' dir='ltr'>Graecis</span> 
     </span>
     <span class='ocr_line' id='line_1_8' title="bbox 339 390 1807 462; baseline 0.007 -27"><span class='ocrx_word' id='word_1_21' title='bbox 339 390 395 436; x_wconf 85' lang='lat' dir='ltr'>ad</span> <span class='ocrx_word' id='word_1_22' title='bbox 417 393 663 439; x_wconf 84' lang='lat' dir='ltr'>Troianam</span> <span class='ocrx_word' id='word_1_23' title='bbox 682 395 1017 458; x_wconf 82' lang='lat' dir='ltr'>expeditionem</span> <span class='ocrx_word' id='word_1_24' title='bbox 1040 396 1424 458; x_wconf 84' lang='lat' dir='ltr'>proficiscentibus</span> <span class='ocrx_word' id='word_1_25' title='bbox 1455 397 1807 462; x_wconf 81' lang='lat' dir='ltr'>depromptum,</span> 
     </span>
     <span class='ocr_line' id='line_1_9' title="bbox 339 454 1814 527; baseline 0.006 -28"><span class='ocrx_word' id='word_1_26' title='bbox 339 471 401 500; x_wconf 91' lang='lat' dir='ltr'>res</span> <span class='ocrx_word' id='word_1_27' title='bbox 415 454 548 518; x_wconf 87' lang='lat' dir='ltr'>usque</span> <span class='ocrx_word' id='word_1_28' title='bbox 561 458 617 503; x_wconf 90' lang='lat' dir='ltr'>ad</span> <span class='ocrx_word' id='word_1_29' title='bbox 640 458 781 504; x_wconf 73' lang='lat' dir='ltr'>saeculi</span> <span class='ocrx_word' id='word_1_30' title='bbox 799 457 936 504; x_wconf 84' lang='lat' dir='ltr'>finem</span> <span class='ocrx_word' id='word_1_31' title='bbox 961 459 1128 507; x_wconf 86' lang='lat' dir='ltr'>futuras</span> <span class='ocrx_word' id='word_1_32' title='bbox 1158 461 1434 527; x_wconf 67' lang='lat' dir='ltr'>praedicentis</span> <span class='ocrx_word' id='word_1_33' title='bbox 1449 493 1464 516; x_wconf 89' lang='lat'>,</span> <span class='ocrx_word' id='word_1_34' title='bbox 1487 476 1615 509; x_wconf 84' lang='lat' dir='ltr'>antea</span> <span class='ocrx_word' id='word_1_35' title='bbox 1629 478 1814 525; x_wconf 90' lang='lat' dir='ltr'>quoque</span> 
     </span>
     <span class='ocr_line' id='line_1_10' title="bbox 343 520 1806 587; baseline 0.007 -25"><span class='ocrx_word' id='word_1_36' title='bbox 343 523 457 583; x_wconf 88' lang='lat' dir='ltr'>typis</span> <span class='ocrx_word' id='word_1_37' title='bbox 473 520 643 567; x_wconf 89' lang='lat' dir='ltr'>editum</span> <span class='ocrx_word' id='word_1_38' title='bbox 659 554 672 574; x_wconf 90' lang='lat'>‚</span> <span class='ocrx_word' id='word_1_39' title='bbox 696 538 852 567; x_wconf 90' lang='lat' dir='ltr'>uerum</span> <span class='ocrx_word' id='word_1_40' title='bbox 870 523 1510 587; x_wconf 62' lang='lat' dir='ltr'>imperfestuimmutilumc&#39;lue</span> <span class='ocrx_word' id='word_1_41' title='bbox 1528 558 1541 576; x_wconf 86' lang='lat'>,</span> <span class='ocrx_word' id='word_1_42' title='bbox 1557 525 1582 570; x_wconf 75' lang='grc' dir='ltr'>ὲ</span> <span class='ocrx_word' id='word_1_43' title='bbox 1595 528 1746 572; x_wconf 84' lang='lat' dir='ltr'>Graeca</span> <span class='ocrx_word' id='word_1_44' title='bbox 1760 529 1806 572; x_wconf 89' lang='lat' dir='ltr'>in</span> 
     </span>
     <span class='ocr_line' id='line_1_11' title="bbox 282 582 1806 652; baseline 0.006 -25"><span class='ocrx_word' id='word_1_45' title='bbox 282 624 286 628; x_wconf 77' lang='grc'>,</span> <span class='ocrx_word' id='word_1_46' title='bbox 341 582 526 629; x_wconf 85' lang='lat' dir='ltr'>latinam</span> <span class='ocrx_word' id='word_1_47' title='bbox 543 585 747 648; x_wconf 86' lang='lat' dir='ltr'>linguam</span> <span class='ocrx_word' id='word_1_48' title='bbox 762 587 786 631; x_wconf 73' lang='lat' dir='ltr'>a</span> <span class='ocrx_word' id='word_1_49' title='bbox 813 585 1063 633; x_wconf 89' lang='lat' dir='ltr'>Nobiliillo</span> <span class='ocrx_word' id='word_1_50' title='bbox 1085 593 1280 641; x_wconf 88' lang='lat' dir='ltr'>Veneto,</span> <span class='ocrx_word' id='word_1_51' title='bbox 1295 592 1419 634; x_wconf 91' lang='lat' dir='ltr'>cuius</span> <span class='ocrx_word' id='word_1_52' title='bbox 1441 590 1570 652; x_wconf 85' lang='lat' dir='ltr'>supra</span> <span class='ocrx_word' id='word_1_53' title='bbox 1595 593 1806 636; x_wconf 88' lang='lat' dir='ltr'>memini-</span> 
     </span>
     <span class='ocr_line' id='line_1_12' title="bbox 345 647 1803 715; baseline 0.005 -24"><span class='ocrx_word' id='word_1_54' title='bbox 345 663 443 692; x_wconf 89' lang='lat' dir='ltr'>mus</span> <span class='ocrx_word' id='word_1_55' title='bbox 457 682 470 701; x_wconf 92' lang='lat'>,</span> <span class='ocrx_word' id='word_1_56' title='bbox 485 647 653 694; x_wconf 88' lang='lat' dir='ltr'>uersum</span> <span class='ocrx_word' id='word_1_57' title='bbox 667 683 680 702; x_wconf 95' lang='lat'>,</span> <span class='ocrx_word' id='word_1_58' title='bbox 695 649 963 711; x_wconf 90' lang='lat' dir='ltr'>quibusdam</span> <span class='ocrx_word' id='word_1_59' title='bbox 979 657 1147 715; x_wconf 78' lang='lat' dir='ltr'>pauciS,</span> <span class='ocrx_word' id='word_1_60' title='bbox 1162 669 1205 699; x_wconf 88' lang='lat' dir='ltr'>at</span> <span class='ocrx_word' id='word_1_61' title='bbox 1219 656 1403 699; x_wconf 88' lang='lat' dir='ltr'>maximi</span> <span class='ocrx_word' id='word_1_62' title='bbox 1417 657 1640 698; x_wconf 84' lang='lat' dir='ltr'>momenti</span> <span class='ocrx_word' id='word_1_63' title='bbox 1658 654 1803 700; x_wconf 86' lang='lat' dir='ltr'>adno-</span> 
     </span>
     <span class='ocr_line' id='line_1_13' title="bbox 298 713 1803 780; baseline 0.006 -25"><span class='ocrx_word' id='word_1_64' title='bbox 298 713 588 758; x_wconf 61' lang='lat' dir='ltr'>⁴’rationibus</span> <span class='ocrx_word' id='word_1_65' title='bbox 601 716 788 760; x_wconf 64' lang='lat' dir='ltr'>adiectis</span> <span class='ocrx_word' id='word_1_66' title='bbox 801 752 811 763; x_wconf 91' lang='lat'><strong>.</strong></span> <span class='ocrx_word' id='word_1_67' title='bbox 824 718 907 760; x_wconf 88' lang='lat' dir='ltr'>His</span> <span class='ocrx_word' id='word_1_68' title='bbox 924 731 1076 777; x_wconf 87' lang='lat' dir='ltr'>praeter</span> <span class='ocrx_word' id='word_1_69' title='bbox 1093 715 1286 780; x_wconf 88' lang='lat' dir='ltr'>superius</span> <span class='ocrx_word' id='word_1_70' title='bbox 1298 715 1557 780; x_wconf 81' lang='lat' dir='ltr'>promiffam</span> <span class='ocrx_word' id='word_1_71' title='bbox 1567 717 1803 780; x_wconf 83' lang='lat' dir='ltr'>expositio-</span> 
     </span>
    </p>
   </div>
   <div class='ocr_carea' id='block_1_4' title="bbox 337 773 1871 1240">
    <p class='ocr_par' dir='ltr' id='par_1_4' title="bbox 337 773 1871 1240">
     <span class='ocr_line' id='line_1_14' title="bbox 337 773 1871 928; baseline 0.005 -109"><span class='ocrx_word' id='word_1_72' title='bbox 337 791 438 820; x_wconf 89' lang='lat' dir='ltr'>nem</span> <span class='ocrx_word' id='word_1_73' title='bbox 473 781 809 841; x_wconf 86' lang='lat' dir='ltr'>coniungemus</span> <span class='ocrx_word' id='word_1_74' title='bbox 840 778 1174 826; x_wconf 85' lang='lat' dir='ltr'>obseruationes</span> <span class='ocrx_word' id='word_1_75' title='bbox 1212 781 1443 826; x_wconf 88' lang='lat' dir='ltr'>literarum</span> <span class='ocrx_word' id='word_1_76' title='bbox 1479 773 1871 928; x_wconf 53' lang='lat' dir='ltr'>numeralium,g</span> 
     </span>
     <span class='ocr_line' id='line_1_15' title="bbox 1815 1087 1868 1240; baseline 0 0"><span class='ocrx_word' id='word_1_77' title='bbox 1815 1087 1868 1240; x_wconf 64' lang='grc' dir='ltr'>Ξ</span> 
     </span>
    </p>
   </div>
   <div class='ocr_carea' id='block_1_5' title="bbox 341 153 1881 306">
    <p class='ocr_par' dir='ltr' id='par_1_5' title="bbox 341 153 1881 306">
     <span class='ocr_line' id='line_1_16' title="bbox 1849 154 1871 175; baseline 0 0"><span class='ocrx_word' id='word_1_78' title='bbox 1849 154 1871 175; x_wconf 63' lang='grc' dir='ltr'><em>ὃ</em></span> 
     </span>
     <span class='ocr_line' id='line_1_17' title="bbox 341 153 1881 306; baseline 0.007 -63"><span class='ocrx_word' id='word_1_79' title='bbox 341 201 513 245; x_wconf 71' lang='lat' dir='ltr'>&lt;stiones</span> <span class='ocrx_word' id='word_1_80' title='bbox 539 207 777 250; x_wconf 90' lang='lat' dir='ltr'>conuenire</span> <span class='ocrx_word' id='word_1_81' title='bbox 792 203 848 249; x_wconf 89' lang='lat' dir='ltr'>ad</span> <span class='ocrx_word' id='word_1_82' title='bbox 874 203 1147 250; x_wconf 78' lang='lat' dir='ltr'>calamitates</span> <span class='ocrx_word' id='word_1_83' title='bbox 1175 205 1522 254; x_wconf 86' lang='lat' dir='ltr'>manifestandas</span> <span class='ocrx_word' id='word_1_84' title='bbox 1550 206 1620 253; x_wconf 86' lang='lat' dir='ltr'>his</span> <span class='ocrx_word' id='word_1_85' title='bbox 1634 208 1806 260; x_wconf 90' lang='lat' dir='ltr'>nostris,</span> <span class='ocrx_word' id='word_1_86' title='bbox 1819 153 1881 306; x_wconf 58' lang='grc' dir='ltr'><strong>ξ</strong></span> 
     </span>
    </p>
   </div>
   <div class='ocr_carea' id='block_1_6' title="bbox 311 840 1809 1355">
    <p class='ocr_par' dir='ltr' id='par_1_6' title="bbox 311 840 1809 1355">
     <span class='ocr_line' id='line_1_18' title="bbox 340 840 1809 908; baseline 0.005 -25"><span class='ocrx_word' id='word_1_87' title='bbox 340 840 657 904; x_wconf 66' lang='lat' dir='ltr'>uariorumc&#39;lue</span> <span class='ocrx_word' id='word_1_88' title='bbox 673 841 934 894; x_wconf 87' lang='lat' dir='ltr'>modorum,</span> <span class='ocrx_word' id='word_1_89' title='bbox 948 844 1112 906; x_wconf 84' lang='lat' dir='ltr'>quibus</span> <span class='ocrx_word' id='word_1_90' title='bbox 1127 860 1297 891; x_wconf 86' lang='lat' dir='ltr'>ueteres</span> <span class='ocrx_word' id='word_1_91' title='bbox 1311 859 1388 908; x_wconf 87' lang='lat' dir='ltr'>per</span> <span class='ocrx_word' id='word_1_92' title='bbox 1412 860 1623 890; x_wconf 85' lang='lat' dir='ltr'>numeros</span> <span class='ocrx_word' id='word_1_93' title='bbox 1636 843 1698 890; x_wconf 85' lang='lat' dir='ltr'>ufi</span> <span class='ocrx_word' id='word_1_94' title='bbox 1713 843 1809 891; x_wconf 78' lang='lat' dir='ltr'>sunt</span> 
     </span>
     <span class='ocr_line' id='line_1_19' title="bbox 339 905 1808 972; baseline 0.005 -25"><span class='ocrx_word' id='word_1_95' title='bbox 339 906 384 947; x_wconf 89' lang='lat' dir='ltr'>in</span> <span class='ocrx_word' id='word_1_96' title='bbox 399 905 679 968; x_wconf 75' lang='lat' dir='ltr'>aenigmatice</span> <span class='ocrx_word' id='word_1_97' title='bbox 704 906 988 953; x_wconf 86' lang='lat' dir='ltr'>occultandis</span> <span class='ocrx_word' id='word_1_98' title='bbox 1017 910 1317 972; x_wconf 87' lang='lat' dir='ltr'>mysterijs,in</span> <span class='ocrx_word' id='word_1_99' title='bbox 1340 908 1808 972; x_wconf 68' lang='lat' dir='ltr'>diuinationibusc&#39;lue,</span> 
     </span>
     <span class='ocr_line' id='line_1_20' title="bbox 337 965 1808 1036; baseline 0.005 -24"><span class='ocrx_word' id='word_1_100' title='bbox 337 965 530 1014; x_wconf 82' lang='lat' dir='ltr'>lucidius</span> <span class='ocrx_word' id='word_1_101' title='bbox 557 970 823 1034; x_wconf 84' lang='lat' dir='ltr'>explicantes</span> <span class='ocrx_word' id='word_1_102' title='bbox 837 971 1018 1033; x_wconf 89' lang='lat' dir='ltr'>,quoad</span> <span class='ocrx_word' id='word_1_103' title='bbox 1036 989 1116 1036; x_wconf 89' lang='lat' dir='ltr'>per</span> <span class='ocrx_word' id='word_1_104' title='bbox 1138 990 1224 1018; x_wconf 90' lang='lat' dir='ltr'>nos</span> <span class='ocrx_word' id='word_1_105' title='bbox 1241 972 1331 1019; x_wconf 84' lang='lat' dir='ltr'>fieri</span> <span class='ocrx_word' id='word_1_106' title='bbox 1355 976 1543 1035; x_wconf 86' lang='lat' dir='ltr'>poterit,</span> <span class='ocrx_word' id='word_1_107' title='bbox 1557 971 1722 1018; x_wconf 85' lang='lat' dir='ltr'>litteras</span> <span class='ocrx_word' id='word_1_108' title='bbox 1736 977 1808 1025; x_wconf 73' lang='grc' dir='ltr'>,δε</span> 
     </span>
     <span class='ocr_line' id='line_1_21' title="bbox 339 1030 1805 1100; baseline 0.005 -25"><span class='ocrx_word' id='word_1_109' title='bbox 339 1030 592 1094; x_wconf 83' lang='lat' dir='ltr'>Alphabeta</span> <span class='ocrx_word' id='word_1_110' title='bbox 615 1034 805 1080; x_wconf 86' lang='lat' dir='ltr'>Abbatis</span> <span class='ocrx_word' id='word_1_111' title='bbox 817 1067 829 1088; x_wconf 89' lang='lat'>,</span> <span class='ocrx_word' id='word_1_112' title='bbox 847 1036 892 1080; x_wconf 68' lang='grc' dir='ltr'>ὃ(</span> <span class='ocrx_word' id='word_1_113' title='bbox 905 1052 1123 1082; x_wconf 88' lang='lat' dir='ltr'>numeros</span> <span class='ocrx_word' id='word_1_114' title='bbox 1141 1037 1196 1082; x_wconf 88' lang='lat' dir='ltr'>ab</span> <span class='ocrx_word' id='word_1_115' title='bbox 1211 1053 1264 1082; x_wconf 92' lang='lat' dir='ltr'>eo</span> <span class='ocrx_word' id='word_1_116' title='bbox 1280 1036 1645 1099; x_wconf 86' lang='lat' dir='ltr'>comprehensos,</span> <span class='ocrx_word' id='word_1_117' title='bbox 1655 1051 1805 1100; x_wconf 88' lang='lat' dir='ltr'>praeter</span> 
     </span>
     <span class='ocr_line' id='line_1_22' title="bbox 339 1098 1802 1163; baseline 0.005 -24"><span class='ocrx_word' id='word_1_118' title='bbox 339 1112 509 1142; x_wconf 85' lang='lat' dir='ltr'>morem</span> <span class='ocrx_word' id='word_1_119' title='bbox 526 1098 940 1163; x_wconf 86' lang='lat' dir='ltr'>numerandiipfius</span> <span class='ocrx_word' id='word_1_120' title='bbox 954 1102 1006 1161; x_wconf 89' lang='lat' dir='ltr'>Sy</span> <span class='ocrx_word' id='word_1_121' title='bbox 1016 1099 1130 1146; x_wconf 82' lang='lat' dir='ltr'>billae</span> <span class='ocrx_word' id='word_1_122' title='bbox 1148 1116 1274 1145; x_wconf 86' lang='lat' dir='ltr'>:curn</span> <span class='ocrx_word' id='word_1_123' title='bbox 1291 1099 1438 1145; x_wconf 84' lang='lat' dir='ltr'>multae</span> <span class='ocrx_word' id='word_1_124' title='bbox 1455 1100 1802 1147; x_wconf 86' lang='lat' dir='ltr'>animaduerfio-</span> 
     </span>
     <span class='ocr_line' id='line_1_23' title="bbox 340 1163 1796 1227; baseline 0.004 -22"><span class='ocrx_word' id='word_1_125' title='bbox 340 1176 418 1205; x_wconf 88' lang='lat' dir='ltr'>nes</span> <span class='ocrx_word' id='word_1_126' title='bbox 434 1164 681 1207; x_wconf 87' lang='lat' dir='ltr'>etiamnum</span> <span class='ocrx_word' id='word_1_127' title='bbox 696 1163 957 1218; x_wconf 84' lang='lat' dir='ltr'>habeantur,</span> <span class='ocrx_word' id='word_1_128' title='bbox 972 1181 1082 1227; x_wconf 85' lang='lat' dir='ltr'>quas</span> <span class='ocrx_word' id='word_1_129' title='bbox 1096 1179 1264 1211; x_wconf 88' lang='lat' dir='ltr'>ueteres</span> <span class='ocrx_word' id='word_1_130' title='bbox 1277 1163 1451 1211; x_wconf 85' lang='lat' dir='ltr'>Hebraei</span> <span class='ocrx_word' id='word_1_131' title='bbox 1463 1196 1476 1216; x_wconf 92' lang='lat'>,</span> <span class='ocrx_word' id='word_1_132' title='bbox 1490 1165 1647 1216; x_wconf 85' lang='lat' dir='ltr'>Graeci,</span> <span class='ocrx_word' id='word_1_133' title='bbox 1663 1168 1708 1210; x_wconf 75' lang='grc' dir='ltr'>ὅτ,</span> <span class='ocrx_word' id='word_1_134' title='bbox 1727 1167 1796 1211; x_wconf 90' lang='lat' dir='ltr'>La-</span> 
     </span>
     <span class='ocr_line' id='line_1_24' title="bbox 311 1224 1802 1291; baseline 0.005 -24"><span class='ocrx_word' id='word_1_135' title='bbox 311 1227 421 1268; x_wconf 57' lang='lat' dir='ltr'>„tini</span> <span class='ocrx_word' id='word_1_136' title='bbox 436 1224 492 1270; x_wconf 91' lang='lat' dir='ltr'>ad</span> <span class='ocrx_word' id='word_1_137' title='bbox 506 1242 588 1271; x_wconf 88' lang='lat' dir='ltr'>nos</span> <span class='ocrx_word' id='word_1_138' title='bbox 615 1225 911 1282; x_wconf 82' lang='lat' dir='ltr'>transmisere3</span> <span class='ocrx_word' id='word_1_139' title='bbox 927 1229 951 1274; x_wconf 73' lang='grc' dir='ltr'>ὲ</span> <span class='ocrx_word' id='word_1_140' title='bbox 970 1228 1136 1291; x_wconf 89' lang='lat' dir='ltr'>quibus</span> <span class='ocrx_word' id='word_1_141' title='bbox 1152 1226 1374 1274; x_wconf 79' lang='lat' dir='ltr'>diffentire</span> <span class='ocrx_word' id='word_1_142' title='bbox 1399 1227 1525 1274; x_wconf 90' lang='lat' dir='ltr'>laudi</span> <span class='ocrx_word' id='word_1_143' title='bbox 1552 1229 1802 1291; x_wconf 74' lang='lat' dir='ltr'>numquam</span> 
     </span>
     <span class='ocr_line' id='line_1_25' title="bbox 336 1287 1796 1355; baseline 0.004 -23"><span class='ocrx_word' id='word_1_144' title='bbox 336 1287 453 1334; x_wconf 84' lang='lat' dir='ltr'>ceffit</span> <span class='ocrx_word' id='word_1_145' title='bbox 466 1322 480 1342; x_wconf 89' lang='lat'><strong>,</strong></span> <span class='ocrx_word' id='word_1_146' title='bbox 495 1294 602 1351; x_wconf 89' lang='lat' dir='ltr'>quin</span> <span class='ocrx_word' id='word_1_147' title='bbox 621 1295 765 1352; x_wconf 83' lang='lat' dir='ltr'>potius</span> <span class='ocrx_word' id='word_1_148' title='bbox 778 1296 1033 1355; x_wconf 87' lang='lat' dir='ltr'>cognitioni</span> <span class='ocrx_word' id='word_1_149' title='bbox 1049 1294 1203 1338; x_wconf 82' lang='lat' dir='ltr'>nostrae</span> <span class='ocrx_word' id='word_1_150' title='bbox 1218 1292 1383 1344; x_wconf 86' lang='lat' dir='ltr'>obfuit,</span> <span class='ocrx_word' id='word_1_151' title='bbox 1397 1291 1525 1355; x_wconf 91' lang='lat' dir='ltr'>quod</span> <span class='ocrx_word' id='word_1_152' title='bbox 1538 1290 1641 1338; x_wconf 71' lang='lat' dir='ltr'>scite</span> <span class='ocrx_word' id='word_1_153' title='bbox 1652 1295 1700 1337; x_wconf 89' lang='lat' dir='ltr'>in</span> <span class='ocrx_word' id='word_1_154' title='bbox 1716 1307 1796 1338; x_wconf 88' lang='lat' dir='ltr'>eo·-</span> 
     </span>
    </p>
   </div>
   <div class='ocr_carea' id='block_1_7' title="bbox 236 139 333 1395">
    <p class='ocr_par' dir='ltr' id='par_1_7' title="bbox 236 139 333 1395">
     <span class='ocr_line' id='line_1_26' title="bbox 236 139 333 1395; textangle 90"><span class='ocrx_word' id='word_1_155' title='bbox 236 619 333 1395; x_wconf 58' lang='lat' dir='ltr'>mwmwffl</span> <span class='ocrx_word' id='word_1_156' title='bbox 276 139 331 602; x_wconf 65' lang='lat' dir='ltr'>wffiw</span> 
     </span>
    </p>
   </div>
   <div class='ocr_carea' id='block_1_8' title="bbox 341 1351 1802 1420">
    <p class='ocr_par' dir='ltr' id='par_1_8' title="bbox 341 1351 1802 1420">
     <span class='ocr_line' id='line_1_27' title="bbox 341 1351 1802 1420; baseline 0.003 -23"><span class='ocrx_word' id='word_1_157' title='bbox 341 1351 443 1398; x_wconf 89' lang='lat' dir='ltr'>dem</span> <span class='ocrx_word' id='word_1_158' title='bbox 459 1353 697 1401; x_wconf 90' lang='lat' dir='ltr'>uolumine</span> <span class='ocrx_word' id='word_1_159' title='bbox 720 1355 1021 1414; x_wconf 80' lang='lat' dir='ltr'>indicabitur,</span> <span class='ocrx_word' id='word_1_160' title='bbox 1042 1355 1308 1420; x_wconf 80' lang='lat' dir='ltr'>singularem</span> <span class='ocrx_word' id='word_1_161' title='bbox 1327 1390 1341 1409; x_wconf 88' lang='lat'>,</span> <span class='ocrx_word' id='word_1_162' title='bbox 1358 1357 1631 1419; x_wconf 81' lang='lat' dir='ltr'>breuemque</span> <span class='ocrx_word' id='word_1_163' title='bbox 1655 1354 1802 1402; x_wconf 88' lang='lat' dir='ltr'>decla-</span> 
     </span>
    </p>
   </div>
   <div class='ocr_carea' id='block_1_9' title="bbox 339 1400 1868 1554">
    <p class='ocr_par' dir='ltr' id='par_1_9' title="bbox 339 1400 1868 1554">
     <span class='ocr_line' id='line_1_28' title="bbox 339 1400 1868 1554; baseline 0.003 -93"><span class='ocrx_word' id='word_1_164' title='bbox 339 1421 560 1463; x_wconf 87' lang='lat' dir='ltr'>rationem</span> <span class='ocrx_word' id='word_1_165' title='bbox 575 1423 621 1464; x_wconf 90' lang='lat' dir='ltr'>in</span> <span class='ocrx_word' id='word_1_166' title='bbox 636 1436 678 1479; x_wconf 81' lang='lat'>4.</span> <span class='ocrx_word' id='word_1_167' title='bbox 694 1419 893 1465; x_wconf 73' lang='lat' dir='ltr'>Danielis</span> <span class='ocrx_word' id='word_1_168' title='bbox 920 1423 1212 1466; x_wconf 88' lang='lat' dir='ltr'>Monarchias</span> <span class='ocrx_word' id='word_1_169' title='bbox 1239 1420 1535 1484; x_wconf 88' lang='lat' dir='ltr'>proferendo,</span> <span class='ocrx_word' id='word_1_170' title='bbox 1550 1437 1647 1483; x_wconf 87' lang='lat' dir='ltr'>quae</span> <span class='ocrx_word' id='word_1_171' title='bbox 1664 1400 1868 1554; x_wconf 52' lang='lat' dir='ltr'>Vilio-g</span> 
     </span>
    </p>
   </div>
   <div class='ocr_carea' id='block_1_10' title="bbox 274 1401 326 1553">
    <p class='ocr_par' dir='ltr' id='par_1_10' title="bbox 274 1401 326 1553">
     <span class='ocr_line' id='line_1_29' title="bbox 274 1401 326 1553; textangle 90"><span class='ocrx_word' id='word_1_172' title='bbox 274 1401 326 1553; x_wconf 62' lang='lat' dir='ltr'><em>w</em></span> 
     </span>
    </p>
   </div>
   <div class='ocr_carea' id='block_1_11' title="bbox 273 1483 1859 2125">
    <p class='ocr_par' dir='ltr' id='par_1_11' title="bbox 273 1483 1859 2125">
     <span class='ocr_line' id='line_1_30' title="bbox 337 1483 1799 1548; baseline 0.001 -22"><span class='ocrx_word' id='word_1_173' title='bbox 337 1498 437 1527; x_wconf 89' lang='lat' dir='ltr'>nem</span> <span class='ocrx_word' id='word_1_174' title='bbox 452 1498 613 1544; x_wconf 86' lang='lat' dir='ltr'>quartae</span> <span class='ocrx_word' id='word_1_175' title='bbox 632 1483 909 1530; x_wconf 85' lang='lat' dir='ltr'>Monarchiae</span> <span class='ocrx_word' id='word_1_176' title='bbox 922 1484 1139 1530; x_wconf 89' lang='lat' dir='ltr'>enodabit</span> <span class='ocrx_word' id='word_1_177' title='bbox 1153 1519 1162 1530; x_wconf 94' lang='lat'><em>.</em></span> <span class='ocrx_word' id='word_1_178' title='bbox 1181 1485 1375 1548; x_wconf 86' lang='lat' dir='ltr'>Augebit</span> <span class='ocrx_word' id='word_1_179' title='bbox 1398 1484 1530 1547; x_wconf 88' lang='lat' dir='ltr'>studij</span> <span class='ocrx_word' id='word_1_180' title='bbox 1547 1485 1682 1530; x_wconf 90' lang='lat' dir='ltr'>nostri</span> <span class='ocrx_word' id='word_1_181' title='bbox 1696 1483 1799 1529; x_wconf 90' lang='lat' dir='ltr'>dili-</span> 
     </span>
     <span class='ocr_line' id='line_1_31' title="bbox 292 1547 1802 1610; baseline 0.001 -19"><span class='ocrx_word' id='word_1_182' title='bbox 292 1550 526 1610; x_wconf 57' lang='lat' dir='ltr'>„gentiam</span> <span class='ocrx_word' id='word_1_183' title='bbox 543 1579 555 1601; x_wconf 88' lang='lat'><em>‚</em></span> <span class='ocrx_word' id='word_1_184' title='bbox 568 1548 868 1610; x_wconf 68' lang='lat' dir='ltr'>suppeditabit</span> <span class='ocrx_word' id='word_1_185' title='bbox 882 1548 1181 1594; x_wconf 87' lang='lat' dir='ltr'>imbecillitati</span> <span class='ocrx_word' id='word_1_186' title='bbox 1205 1549 1359 1594; x_wconf 89' lang='lat' dir='ltr'>nostrae</span> <span class='ocrx_word' id='word_1_187' title='bbox 1374 1552 1504 1600; x_wconf 88' lang='lat' dir='ltr'>uires,</span> <span class='ocrx_word' id='word_1_188' title='bbox 1517 1553 1561 1594; x_wconf 85' lang='lat'>&amp;</span> <span class='ocrx_word' id='word_1_189' title='bbox 1574 1547 1711 1593; x_wconf 89' lang='lat' dir='ltr'>addet</span> <span class='ocrx_word' id='word_1_190' title='bbox 1727 1563 1802 1593; x_wconf 91' lang='lat' dir='ltr'>co·</span> 
     </span>
     <span class='ocr_line' id='line_1_32' title="bbox 334 1610 1797 1676; baseline 0.001 -21"><span class='ocrx_word' id='word_1_191' title='bbox 334 1610 512 1656; x_wconf 84' lang='lat' dir='ltr'>natibus</span> <span class='ocrx_word' id='word_1_192' title='bbox 543 1614 697 1657; x_wconf 87' lang='lat' dir='ltr'>nostris</span> <span class='ocrx_word' id='word_1_193' title='bbox 726 1613 915 1658; x_wconf 83' lang='lat' dir='ltr'>calcaria</span> <span class='ocrx_word' id='word_1_194' title='bbox 945 1614 1174 1676; x_wconf 84' lang='lat' dir='ltr'>gratitudo</span> <span class='ocrx_word' id='word_1_195' title='bbox 1198 1627 1272 1658; x_wconf 90' lang='lat' dir='ltr'>tua</span> <span class='ocrx_word' id='word_1_196' title='bbox 1287 1616 1444 1659; x_wconf 81' lang='lat' dir='ltr'>Amice</span> <span class='ocrx_word' id='word_1_197' title='bbox 1458 1612 1644 1658; x_wconf 68' lang='lat' dir='ltr'>Lector:</span> <span class='ocrx_word' id='word_1_198' title='bbox 1661 1611 1688 1657; x_wconf 85' lang='lat' dir='ltr'>fi</span> <span class='ocrx_word' id='word_1_199' title='bbox 1704 1628 1797 1657; x_wconf 90' lang='lat' dir='ltr'>non</span> 
     </span>
     <span class='ocr_line' id='line_1_33' title="bbox 338 1674 1798 1729; baseline 0.001 -10"><span class='ocrx_word' id='word_1_200' title='bbox 338 1675 480 1720; x_wconf 74' lang='lat' dir='ltr'>modo</span> <span class='ocrx_word' id='word_1_201' title='bbox 501 1674 657 1721; x_wconf 86' lang='lat' dir='ltr'>libenti</span> <span class='ocrx_word' id='word_1_202' title='bbox 675 1681 830 1722; x_wconf 90' lang='lat' dir='ltr'>animo</span> <span class='ocrx_word' id='word_1_203' title='bbox 848 1676 941 1722; x_wconf 86' lang='lat' dir='ltr'>haec</span> <span class='ocrx_word' id='word_1_204' title='bbox 956 1677 1393 1729; x_wconf 87' lang='lat' dir='ltr'>nostrauaticinia,&amp;</span> <span class='ocrx_word' id='word_1_205' title='bbox 1409 1693 1564 1722; x_wconf 91' lang='lat' dir='ltr'>eorum</span> <span class='ocrx_word' id='word_1_206' title='bbox 1589 1678 1729 1721; x_wconf 88' lang='lat' dir='ltr'>uarias</span> <span class='ocrx_word' id='word_1_207' title='bbox 1742 1675 1798 1721; x_wconf 92' lang='lat' dir='ltr'>le-</span> 
     </span>
     <span class='ocr_line' id='line_1_34' title="bbox 273 1713 1798 1847; baseline 0.001 -64"><span class='ocrx_word' id='word_1_208' title='bbox 273 1713 587 1847; x_wconf 48' lang='lat' dir='ltr'>}ffiooeffi&amp;</span> <span class='ocrx_word' id='word_1_209' title='bbox 611 1741 927 1786; x_wconf 88' lang='lat' dir='ltr'>adnotationes</span> <span class='ocrx_word' id='word_1_210' title='bbox 953 1739 1159 1786; x_wconf 88' lang='lat' dir='ltr'>aduersus</span> <span class='ocrx_word' id='word_1_211' title='bbox 1188 1740 1441 1787; x_wconf 68' lang='lat' dir='ltr'>haereticum</span> <span class='ocrx_word' id='word_1_212' title='bbox 1467 1739 1701 1804; x_wconf 85' lang='lat' dir='ltr'>praesertim</span> <span class='ocrx_word' id='word_1_213' title='bbox 1717 1739 1798 1785; x_wconf 89' lang='lat' dir='ltr'>ho-</span> 
     </span>
     <span class='ocr_line' id='line_1_35' title="bbox 273 1802 1795 1868; baseline 0.001 -21"><span class='ocrx_word' id='word_1_214' title='bbox 273 1843 310 1864; x_wconf 55' lang='lat' dir='ltr'>c,</span> <span class='ocrx_word' id='word_1_215' title='bbox 337 1808 508 1848; x_wconf 87' lang='lat' dir='ltr'>minem</span> <span class='ocrx_word' id='word_1_216' title='bbox 524 1840 535 1861; x_wconf 93' lang='lat'>,</span> <span class='ocrx_word' id='word_1_217' title='bbox 552 1808 596 1848; x_wconf 87' lang='lat'>&amp;</span> <span class='ocrx_word' id='word_1_218' title='bbox 619 1802 974 1867; x_wconf 85' lang='lat' dir='ltr'>Pseudomagum</span> <span class='ocrx_word' id='word_1_219' title='bbox 989 1802 1257 1868; x_wconf 86' lang='lat' dir='ltr'>conscriptas</span> <span class='ocrx_word' id='word_1_220' title='bbox 1282 1804 1465 1868; x_wconf 86' lang='lat' dir='ltr'>legeris:</span> <span class='ocrx_word' id='word_1_221' title='bbox 1487 1820 1641 1850; x_wconf 87' lang='lat' dir='ltr'>uerum</span> <span class='ocrx_word' id='word_1_222' title='bbox 1665 1807 1795 1849; x_wconf 88' lang='lat' dir='ltr'>etiam</span> 
     </span>
     <span class='ocr_line' id='line_1_36' title="bbox 276 1865 1833 1946; baseline 0.001 -35"><span class='ocrx_word' id='word_1_223' title='bbox 276 1865 476 1946; x_wconf 52' lang='lat' dir='ltr'>ffsiquid</span> <span class='ocrx_word' id='word_1_224' title='bbox 513 1873 560 1913; x_wconf 89' lang='lat' dir='ltr'>in</span> <span class='ocrx_word' id='word_1_225' title='bbox 583 1885 679 1914; x_wconf 91' lang='lat' dir='ltr'>rem</span> <span class='ocrx_word' id='word_1_226' title='bbox 702 1869 897 1914; x_wconf 89' lang='lat' dir='ltr'>nostram</span> <span class='ocrx_word' id='word_1_227' title='bbox 920 1873 1174 1927; x_wconf 89' lang='lat' dir='ltr'>monueris,</span> <span class='ocrx_word' id='word_1_228' title='bbox 1196 1872 1241 1914; x_wconf 75' lang='grc' dir='ltr'>δε</span> <span class='ocrx_word' id='word_1_229' title='bbox 1265 1872 1515 1931; x_wconf 89' lang='lat' dir='ltr'>incoeptum</span> <span class='ocrx_word' id='word_1_230' title='bbox 1542 1866 1687 1913; x_wconf 87' lang='lat' dir='ltr'>audax</span> <span class='ocrx_word' id='word_1_231' title='bbox 1713 1885 1794 1913; x_wconf 88' lang='lat' dir='ltr'>no·</span> <span class='ocrx_word' id='word_1_232' title='bbox 1831 1873 1833 1875; x_wconf 82' lang='grc'><strong>’</strong></span> 
     </span>
     <span class='ocr_line' id='line_1_37' title="bbox 275 1878 1859 2031; baseline 0.001 -56"><span class='ocrx_word' id='word_1_233' title='bbox 275 1928 464 2021; x_wconf 46' lang='lat' dir='ltr'>§strum</span> <span class='ocrx_word' id='word_1_234' title='bbox 488 1930 755 1995; x_wconf 87' lang='lat' dir='ltr'>locupletius</span> <span class='ocrx_word' id='word_1_235' title='bbox 775 1932 1129 1988; x_wconf 89' lang='lat' dir='ltr'>reddideris,vel</span> <span class='ocrx_word' id='word_1_236' title='bbox 1142 1947 1291 1996; x_wconf 88' lang='lat' dir='ltr'>aptam</span> <span class='ocrx_word' id='word_1_237' title='bbox 1316 1936 1549 1978; x_wconf 88' lang='lat' dir='ltr'>materiam</span> <span class='ocrx_word' id='word_1_238' title='bbox 1566 1878 1859 2031; x_wconf 56' lang='lat' dir='ltr'>nobssipst}</span> 
     </span>
     <span class='ocr_line' id='line_1_38' title="bbox 334 1994 1797 2059; baseline -0.001 -19"><span class='ocrx_word' id='word_1_239' title='bbox 334 1994 519 2041; x_wconf 89' lang='lat' dir='ltr'>offerens</span> <span class='ocrx_word' id='word_1_240' title='bbox 532 2029 546 2049; x_wconf 90' lang='lat'><strong>,</strong></span> <span class='ocrx_word' id='word_1_241' title='bbox 560 1996 629 2042; x_wconf 91' lang='lat' dir='ltr'>uel</span> <span class='ocrx_word' id='word_1_242' title='bbox 642 1996 752 2042; x_wconf 91' lang='lat' dir='ltr'>alios</span> <span class='ocrx_word' id='word_1_243' title='bbox 765 2029 779 2054; x_wconf 88' lang='lat'><strong>,</strong></span> <span class='ocrx_word' id='word_1_244' title='bbox 795 2002 930 2059; x_wconf 85' lang='lat' dir='ltr'>quiin</span> <span class='ocrx_word' id='word_1_245' title='bbox 943 1997 1033 2043; x_wconf 91' lang='lat' dir='ltr'>hoc</span> <span class='ocrx_word' id='word_1_246' title='bbox 1046 1996 1177 2042; x_wconf 86' lang='lat' dir='ltr'>nobis</span> <span class='ocrx_word' id='word_1_247' title='bbox 1190 1997 1334 2044; x_wconf 87' lang='lat' dir='ltr'>fauere</span> <span class='ocrx_word' id='word_1_248' title='bbox 1346 1994 1797 2059; x_wconf 83' lang='lat' dir='ltr'>poffint,indicans,ut</span> 
     </span>
     <span class='ocr_line' id='line_1_39' title="bbox 334 2057 1794 2125; baseline 0.001 -22"><span class='ocrx_word' id='word_1_249' title='bbox 334 2057 530 2106; x_wconf 83' lang='lat' dir='ltr'>secundo</span> <span class='ocrx_word' id='word_1_250' title='bbox 548 2059 674 2106; x_wconf 93' lang='lat' dir='ltr'>cursu</span> <span class='ocrx_word' id='word_1_251' title='bbox 694 2061 790 2107; x_wconf 89' lang='lat' dir='ltr'>uela</span> <span class='ocrx_word' id='word_1_252' title='bbox 807 2064 951 2106; x_wconf 87' lang='lat' dir='ltr'>uentis</span> <span class='ocrx_word' id='word_1_253' title='bbox 967 2059 1228 2125; x_wconf 86' lang='lat' dir='ltr'>propediem</span> <span class='ocrx_word' id='word_1_254' title='bbox 1245 2065 1465 2108; x_wconf 81' lang='lat' dir='ltr'>exiturum</span> <span class='ocrx_word' id='word_1_255' title='bbox 1480 2058 1698 2107; x_wconf 85' lang='lat' dir='ltr'>uolumen</span> <span class='ocrx_word' id='word_1_256' title='bbox 1715 2058 1794 2105; x_wconf 83' lang='lat' dir='ltr'>foe·</span> 
     </span>
    </p>
   </div>
   <div class='ocr_carea' id='block_1_12' title="bbox 278 1558 328 1708">
    <p class='ocr_par' dir='ltr' id='par_1_12' title="bbox 278 1558 328 1708">
     <span class='ocr_line' id='line_1_40' title="bbox 278 1558 328 1708; textangle 90"><span class='ocrx_word' id='word_1_257' title='bbox 278 1558 328 1708; x_wconf 59' lang='lat' dir='ltr'>m</span> 
     </span>
    </p>
   </div>
   <div class='ocr_carea' id='block_1_13' title="bbox 269 2030 1860 2343">
    <p class='ocr_par' dir='ltr' id='par_1_13' title="bbox 269 2030 1860 2343">
     <span class='ocr_line' id='line_1_41' title="bbox 269 2030 1860 2189; baseline 0.004 -21"><span class='ocrx_word' id='word_1_258' title='bbox 269 2030 494 2183; x_wconf 58' lang='lat' dir='ltr'>{ficibus</span> <span class='ocrx_word' id='word_1_259' title='bbox 507 2125 710 2189; x_wconf 84' lang='lat' dir='ltr'>auspicijs</span> <span class='ocrx_word' id='word_1_260' title='bbox 727 2129 996 2172; x_wconf 85' lang='lat' dir='ltr'>committat.</span> <span class='ocrx_word' id='word_1_261' title='bbox 1806 2035 1860 2188; x_wconf 56' lang='grc' dir='ltr'>Ξ</span> 
     </span>
     <span class='ocr_line' id='line_1_42' title="bbox 270 2189 1854 2343; baseline 0.001 -2"><span class='ocrx_word' id='word_1_262' title='bbox 270 2189 324 2341; x_wconf 64' lang='grc' dir='ltr'><em>ἓ</em></span> <span class='ocrx_word' id='word_1_263' title='bbox 1552 2280 1579 2316; x_wconf 58' lang='lat'><em>2</em></span> <span class='ocrx_word' id='word_1_264' title='bbox 1800 2193 1854 2343; x_wconf 64' lang='grc' dir='ltr'>Ξ</span> 
     </span>
    </p>
   </div>
   <div class='ocr_carea' id='block_1_14' title="bbox 308 2349 1858 2514">
    <p class='ocr_par' dir='ltr' id='par_1_14' title="bbox 308 2349 1858 2514">
     <span class='ocr_line' id='line_1_43' title="bbox 308 2349 1858 2514; baseline 0.001 -6"><span class='ocrx_word' id='word_1_265' title='bbox 308 2349 1858 2514; x_wconf 55' lang='lat' dir='ltr'>‘cmwmowffiawffiwfflg</span> 
     </span>
    </p>
   </div>
  </div>
 </body>
</html>
